[gd_scene load_steps=7 format=2]

[ext_resource path="res://assets/tower_base.png" type="Texture" id=1]
[ext_resource path="res://assets/turret.png" type="Texture" id=2]
[ext_resource path="res://Tower.gd" type="Script" id=3]
[ext_resource path="res://assets/flash.png" type="Texture" id=4]

[sub_resource type="RectangleShape2D" id=1]
extents = Vector2( 29.3437, 28.4683 )

[sub_resource type="CircleShape2D" id=2]
radius = 372.482

[node name="Tower" type="KinematicBody2D"]
script = ExtResource( 3 )

[node name="BaseSprite" type="Sprite" parent="."]
texture = ExtResource( 1 )

[node name="TurretSprite" type="Sprite" parent="."]
texture = ExtResource( 2 )

[node name="MuzzleFlash" type="Sprite" parent="TurretSprite"]
visible = false
position = Vector2( 0, 45.255 )
rotation = 3.14159
texture = ExtResource( 4 )

[node name="RayCast2D" type="RayCast2D" parent="TurretSprite"]
cast_to = Vector2( 0, 250 )

[node name="CollisionShape2D" type="CollisionShape2D" parent="."]
visible = false
shape = SubResource( 1 )

[node name="EnemyDetector" type="Area2D" parent="."]
visible = false

[node name="CollisionShape2D" type="CollisionShape2D" parent="EnemyDetector"]
shape = SubResource( 2 )

[node name="ShootTimer" type="Timer" parent="."]
wait_time = 0.25
[connection signal="body_entered" from="EnemyDetector" to="." method="_on_EnemyDetector_body_entered"]
[connection signal="body_exited" from="EnemyDetector" to="." method="_on_EnemyDetector_body_exited"]
[connection signal="timeout" from="ShootTimer" to="." method="_on_ShootTimer_timeout"]
